<?xml version="1.0" encoding="UTF-8"?><collection xmlns="http://www.loc.gov/MARC21/slim"><record><leader>00386nam--2200145-i-4500</leader><controlfield tag="001">000033184</controlfield><controlfield tag="002">20161230</controlfield><controlfield tag="005">20161230201039</controlfield><controlfield tag="008">060222s1000------------r-----000-0-eng-d</controlfield><datafield ind1=" " ind2=" " tag="080"><subfield code="a">511/512</subfield></datafield><datafield ind1=" " ind2=" " tag="100"><subfield code="a">Moisil, Gr.C</subfield></datafield><datafield ind1=" " ind2=" " tag="245"><subfield code="a">Fundamentele aritmeticii si algebricei</subfield></datafield><datafield ind1=" " ind2=" " tag="260"><subfield code="a">Bucuresti, Minist.Invat.Si Culturii, 1958, 161p</subfield></datafield><datafield ind1=" " ind2=" " tag="852"><subfield code="a">75857</subfield><subfield code="c">511</subfield></datafield><datafield ind1=" " ind2=" " tag="CAT"><subfield code="a">Sys</subfield><subfield code="c">20080506</subfield><subfield code="h">102432</subfield></datafield></record></collection>